@Online{bauen_bis_ins_bodenlose,
	author = {Theo, Anders and Franziska, Zoidl and Jakob, Pflügl},
	year = {2021},
	title = {Diskussion über Flächenfraß: Bauen bis ins Bodenlose},
	journal = {Der Standard},
	url = {https://www.derstandard.at/story/2000128887510/diskussion-um-flaechenfrass-bauen-bis-ins-bodenlose},
	urldate = {2021-08-22}
}

@Article{superblock_barcelona,
	title = {Changing the urban design of cities for health: The superblock model},
	journal = {Environment International},
	volume = {134},
	pages = {105132},
	year = {2020},
	issn = {0160-4120},
	doi = {https://doi.org/10.1016/j.envint.2019.105132},
	url = {https://www.sciencedirect.com/science/article/pii/S0160412019315223},
	author = {Natalie Mueller and David Rojas-Rueda and Haneen Khreis and Marta Cirach and David Andrés and Joan Ballester and Xavier Bartoll and Carolyn Daher and Anna Deluca and Cynthia Echave and Carles Milà and Sandra Márquez and Joan Palou and Katherine Pérez and Cathryn Tonne and Mark Stevenson and Salvador Rueda and Mark Nieuwenhuijsen},
	keywords = {Active transport, Health impact assessment, Public space, Sustainability, Transport planning, Urban planning}
}

@Online{superblocks_wien,
	author = {Stefanie, Rachbauer},
	year = {2020},
	title = {Trend in der Stadtplanung: Was an Superblocks super sein soll},
	journal = {Kurier},
	url = {https://kurier.at/chronik/wien/trend-in-der-stadtplanung-was-an-superblocks-super-sein-soll/401036318},
	urldate = {2021-08-22}
}